<record><leader>00000cas a22000007a 4500</leader><controlfield tag="001">41244203</controlfield><controlfield tag="008">990423d1914191utnuwr ne      0    0eng d</controlfield><datafield ind1=" " ind2=" " tag="010"><subfield code="a">sn 99065804 </subfield></datafield><datafield ind1=" " ind2=" " tag="040"><subfield code="a">TGN</subfield><subfield code="b">eng</subfield><subfield code="c">TGN</subfield><subfield code="d">OCLCF</subfield><subfield code="d">OCLCO</subfield></datafield><datafield ind1="1" ind2=" " tag="029"><subfield code="a">AU@</subfield><subfield code="b">000020107686</subfield></datafield><datafield ind1=" " ind2=" " tag="042"><subfield code="a">msc</subfield></datafield><datafield ind1="0" ind2=" " tag="130"><subfield code="a">Grundy County times (Tracy City, Tenn. : 1914)</subfield></datafield><datafield ind1="0" ind2="0" tag="245"><subfield code="a">Grundy County times.</subfield></datafield><datafield ind1=" " ind2=" " tag="260"><subfield code="a">Tracy City, Tenn. :</subfield><subfield code="b">Times Pub. Co,</subfield><subfield code="c">1914-</subfield></datafield><datafield ind1=" " ind2=" " tag="300"><subfield code="a">v.</subfield></datafield><datafield ind1=" " ind2=" " tag="310"><subfield code="a">Weekly</subfield></datafield><datafield ind1="0" ind2=" " tag="362"><subfield code="a">Vol. 1, no. 1 (Nov. 19, 1914)</subfield></datafield><datafield ind1=" " ind2="0" tag="651"><subfield code="a">Tracy City (Tenn.)</subfield><subfield code="v">Newspapers.</subfield></datafield><datafield ind1=" " ind2="0" tag="651"><subfield code="a">Grundy County (Tenn.)</subfield><subfield code="v">Newspapers.</subfield></datafield><datafield ind1=" " ind2="7" tag="655"><subfield code="a">Newspapers.</subfield><subfield code="2">fast</subfield><subfield code="0">(OCoLC)fst01423814</subfield></datafield><datafield ind1=" " ind2="7" tag="651"><subfield code="a">Tennessee</subfield><subfield code="z">Grundy County.</subfield><subfield code="2">fast</subfield><subfield code="0">(OCoLC)fst01203199</subfield></datafield><datafield ind1=" " ind2="7" tag="651"><subfield code="a">Tennessee</subfield><subfield code="z">Tracy City.</subfield><subfield code="2">fast</subfield><subfield code="0">(OCoLC)fst01284420</subfield></datafield><datafield ind1=" " ind2=" " tag="752"><subfield code="a">United States</subfield><subfield code="b">Tennessee</subfield><subfield code="c">Grundy</subfield><subfield code="d">Tracy City.</subfield></datafield><datafield ind1="0" ind2="0" tag="780"><subfield code="t">Mountain Herald (Tracy City, Tenn.)</subfield><subfield code="w">(DLC)sn 89058317</subfield></datafield><datafield ind1="0" ind2="0" tag="785"><subfield code="t">Grundy County times and mountain herald</subfield><subfield code="w">(DLC)sn 89058315</subfield></datafield></record>